#extracted bib from abstract.tex and //Users/micha/Library/texmf/bibtex/bib/MyRefGlobal.bib at time.struct_time(tm_year=2016, tm_mon=2, tm_mday=15, tm_hour=16, tm_min=23, tm_sec=1, tm_wday=0, tm_yday=46, tm_isdst=0)
@preamble{"\newcommand{\SortNoop}[1]{}"} 

@book{Jeffreys1961:Theory-of-Proba,
	Address = {Oxford},
	Author = {Harold Jeffreys},
	Date-Added = {2013-09-26 10:14:12 +0000},
	Date-Modified = {2013-09-26 10:15:41 +0000},
	Edition = {3rd},
	Publisher = {Oxford University Press},
	Title = {Theory of Probability},
	Year = {1961}}

@article{Tielvan-TielMiltenburgvan-Miltenburg2014:Scalar-Diversit,
	Author = {{\SortNoop{Tiel}}{van Tiel}, Bob and {\SortNoop{Miltenburg}}{van Miltenburg}, Emiel and Natalia Zevakhina and Bart Geurts},
	Date-Added = {2015-02-10 13:22:55 +0000},
	Date-Modified = {2016-02-08 14:25:22 +0000},
	Doi = {10.1093/jos/ffu017},
	Journal = {Journal of Semantics},
	Number = {1},
	Pages = {137--175},
	Title = {Scalar Diversity},
	Volume = {33},
	Year = {2016},
	Bdsk-File-1 = {YnBsaXN0MDDUAQIDBAUGJCVYJHZlcnNpb25YJG9iamVjdHNZJGFyY2hpdmVyVCR0b3ASAAGGoKgHCBMUFRYaIVUkbnVsbNMJCgsMDxJXTlMua2V5c1pOUy5vYmplY3RzViRjbGFzc6INDoACgAOiEBGABIAFgAdccmVsYXRpdmVQYXRoWWFsaWFzRGF0YV8QZy4uLy4uLy4uLy4uL0Rlc2t0b3AvZGF0YS9zeW5jL0xpdGVyYXR1cmUvVGllbHZhbiBUaWVsTWlsdGVuYnVyZ3ZhbiBNaWx0ZW5idXJnXzIwMTZfU2NhbGFyIERpdmVyc2l0eS5wZGbSFwsYGVdOUy5kYXRhTxECVAAAAAACVAACAAAMTWFjaW50b3NoIEhEAAAAAAAAAAAAAAAAAAAAz9RG5kgrAAAADHu1H1RpZWx2YW4gVGllbE1pbHRlbmJ1I0ZGQkVFQi5wZGYAAAAAAAAAAAAAAAAAAAAAAAAAAAAAAAAAAAAAAAAAAAD/vuvS3mQEAAAAAAAAAAAABAAFAAAJIAAAAAAAAAAAAAAAAAAAAApMaXRlcmF0dXJlABAACAAAz9QqxgAAABEACAAA0t5V9AAAAAEAGAAMe7UADHs7AAuoZgAKvIkACT4IAAJm+QACAFtNYWNpbnRvc2ggSEQ6VXNlcnM6AG1pY2hhOgBEZXNrdG9wOgBkYXRhOgBzeW5jOgBMaXRlcmF0dXJlOgBUaWVsdmFuIFRpZWxNaWx0ZW5idSNGRkJFRUIucGRmAAAOAH4APgBUAGkAZQBsAHYAYQBuACAAVABpAGUAbABNAGkAbAB0AGUAbgBiAHUAcgBnAHYAYQBuACAATQBpAGwAdABlAG4AYgB1AHIAZwBfADIAMAAxADYAXwBTAGMAYQBsAGEAcgAgAEQAaQB2AGUAcgBzAGkAdAB5AC4AcABkAGYADwAaAAwATQBhAGMAaQBuAHQAbwBzAGgAIABIAEQAEgBnVXNlcnMvbWljaGEvRGVza3RvcC9kYXRhL3N5bmMvTGl0ZXJhdHVyZS9UaWVsdmFuIFRpZWxNaWx0ZW5idXJndmFuIE1pbHRlbmJ1cmdfMjAxNl9TY2FsYXIgRGl2ZXJzaXR5LnBkZgAAEwABLwAAFQACAAz//wAAgAbSGxwdHlokY2xhc3NuYW1lWCRjbGFzc2VzXU5TTXV0YWJsZURhdGGjHR8gVk5TRGF0YVhOU09iamVjdNIbHCIjXE5TRGljdGlvbmFyeaIiIF8QD05TS2V5ZWRBcmNoaXZlctEmJ1Ryb290gAEACAARABoAIwAtADIANwBAAEYATQBVAGAAZwBqAGwAbgBxAHMAdQB3AIQAjgD4AP0BBQNdA18DZANvA3gDhgOKA5EDmgOfA6wDrwPBA8QDyQAAAAAAAAIBAAAAAAAAACgAAAAAAAAAAAAAAAAAAAPL}}

@article{KassRaftery1995:Bayes-Factors,
	Author = {Robert E. Kass and Adrian E. Raftery},
	Date-Added = {2013-09-26 10:22:02 +0000},
	Date-Modified = {2013-09-26 10:23:31 +0000},
	Journal = {Journal of the American Statistical Association},
	Number = {430},
	Pages = {773--795},
	Title = {Bayes Factors},
	Volume = {90},
	Year = {1995},
	Bdsk-File-1 = {YnBsaXN0MDDUAQIDBAUGJCVYJHZlcnNpb25YJG9iamVjdHNZJGFyY2hpdmVyVCR0b3ASAAGGoKgHCBMUFRYaIVUkbnVsbNMJCgsMDxJXTlMua2V5c1pOUy5vYmplY3RzViRjbGFzc6INDoACgAOiEBGABIAFgAdccmVsYXRpdmVQYXRoWWFsaWFzRGF0YV8QTC4uLy4uLy4uLy4uL0Rlc2t0b3AvZGF0YS9zeW5jL0xpdGVyYXR1cmUvS2Fzc1JhZnRlcnlfMTk5NV9CYXllcyBGYWN0b3JzYS5wZGbSFwsYGVdOUy5kYXRhTxECAgAAAAACAgACAAAMTWFjaW50b3NoIEhEAAAAAAAAAAAAAAAAAAAAz9RG5kgrAAAADHu1H0thc3NSYWZ0ZXJ5XzE5OTVfQmF5ZSNDN0Q2Ri5wZGYAAAAAAAAAAAAAAAAAAAAAAAAAAAAAAAAAAAAAAAAAAAAMfW/ObFaKAAAAAAAAAAAABAAFAAAJIAAAAAAAAAAAAAAAAAAAAApMaXRlcmF0dXJlABAACAAAz9QqxgAAABEACAAAzmw6agAAAAEAGAAMe7UADHs7AAuoZgAKvIkACT4IAAJm+QACAFtNYWNpbnRvc2ggSEQ6VXNlcnM6AG1pY2hhOgBEZXNrdG9wOgBkYXRhOgBzeW5jOgBMaXRlcmF0dXJlOgBLYXNzUmFmdGVyeV8xOTk1X0JheWUjQzdENkYucGRmAAAOAEgAIwBLAGEAcwBzAFIAYQBmAHQAZQByAHkAXwAxADkAOQA1AF8AQgBhAHkAZQBzACAARgBhAGMAdABvAHIAcwBhAC4AcABkAGYADwAaAAwATQBhAGMAaQBuAHQAbwBzAGgAIABIAEQAEgBMVXNlcnMvbWljaGEvRGVza3RvcC9kYXRhL3N5bmMvTGl0ZXJhdHVyZS9LYXNzUmFmdGVyeV8xOTk1X0JheWVzIEZhY3RvcnNhLnBkZgATAAEvAAAVAAIADP//AACABtIbHB0eWiRjbGFzc25hbWVYJGNsYXNzZXNdTlNNdXRhYmxlRGF0YaMdHyBWTlNEYXRhWE5TT2JqZWN00hscIiNcTlNEaWN0aW9uYXJ5oiIgXxAPTlNLZXllZEFyY2hpdmVy0SYnVHJvb3SAAQAIABEAGgAjAC0AMgA3AEAARgBNAFUAYABnAGoAbABuAHEAcwB1AHcAhACOAN0A4gDqAvAC8gL3AwIDCwMZAx0DJAMtAzIDPwNCA1QDVwNcAAAAAAAAAgEAAAAAAAAAKAAAAAAAAAAAAAAAAAAAA14=}}

@article{Degen2015:Investigating-t,
	Author = {Judith Degen},
	Date-Added = {2015-05-08 08:06:04 +0000},
	Date-Modified = {2015-05-15 11:58:18 +0000},
	Doi = {10.3765/sp.8.11},
	Journal = {Semantics \& Pragmatics},
	Number = {11},
	Pages = {1--55},
	Title = {Investigating the distribution of \emph{some} (but not \emph{all}) implicatures using corpora and web-based methods},
	Volume = {8},
	Year = {2015},
	Bdsk-File-1 = {YnBsaXN0MDDUAQIDBAUGJCVYJHZlcnNpb25YJG9iamVjdHNZJGFyY2hpdmVyVCR0b3ASAAGGoKgHCBMUFRYaIVUkbnVsbNMJCgsMDxJXTlMua2V5c1pOUy5vYmplY3RzViRjbGFzc6INDoACgAOiEBGABIAFgAdccmVsYXRpdmVQYXRoWWFsaWFzRGF0YV8Qfy4uLy4uLy4uLy4uL0Rlc2t0b3AvZGF0YS9zeW5jL0xpdGVyYXR1cmUvRGVnZW5fMjAxNV9JbnZlc3RpZ2F0aW5nIHRoZSBkaXN0cmlidXRpb24gb2Ygc29tZSAoYnV0IG5vdCBhbGwpIGltcGxpY2F0dXJlcyB1c2luZy5wZGbSFwsYGVdOUy5kYXRhTxECnAAAAAACnAACAAAMTWFjaW50b3NoIEhEAAAAAAAAAAAAAAAAAAAAz9RG5kgrAAAADHu1H0RlZ2VuXzIwMTVfSW52ZXN0aWdhI0E0NDkyMC5wZGYAAAAAAAAAAAAAAAAAAAAAAAAAAAAAAAAAAAAAAAAAAACkSSDRe6vuAAAAAAAAAAAABAAFAAAJIAAAAAAAAAAAAAAAAAAAAApMaXRlcmF0dXJlABAACAAAz9QqxgAAABEACAAA0XuPzgAAAAEAGAAMe7UADHs7AAuoZgAKvIkACT4IAAJm+QACAFtNYWNpbnRvc2ggSEQ6VXNlcnM6AG1pY2hhOgBEZXNrdG9wOgBkYXRhOgBzeW5jOgBMaXRlcmF0dXJlOgBEZWdlbl8yMDE1X0ludmVzdGlnYSNBNDQ5MjAucGRmAAAOAK4AVgBEAGUAZwBlAG4AXwAyADAAMQA1AF8ASQBuAHYAZQBzAHQAaQBnAGEAdABpAG4AZwAgAHQAaABlACAAZABpAHMAdAByAGkAYgB1AHQAaQBvAG4AIABvAGYAIABzAG8AbQBlACAAKABiAHUAdAAgAG4AbwB0ACAAYQBsAGwAKQAgAGkAbQBwAGwAaQBjAGEAdAB1AHIAZQBzACAAdQBzAGkAbgBnAC4AcABkAGYADwAaAAwATQBhAGMAaQBuAHQAbwBzAGgAIABIAEQAEgB/VXNlcnMvbWljaGEvRGVza3RvcC9kYXRhL3N5bmMvTGl0ZXJhdHVyZS9EZWdlbl8yMDE1X0ludmVzdGlnYXRpbmcgdGhlIGRpc3RyaWJ1dGlvbiBvZiBzb21lIChidXQgbm90IGFsbCkgaW1wbGljYXR1cmVzIHVzaW5nLnBkZgAAEwABLwAAFQACAAz//wAAgAbSGxwdHlokY2xhc3NuYW1lWCRjbGFzc2VzXU5TTXV0YWJsZURhdGGjHR8gVk5TRGF0YVhOU09iamVjdNIbHCIjXE5TRGljdGlvbmFyeaIiIF8QD05TS2V5ZWRBcmNoaXZlctEmJ1Ryb290gAEACAARABoAIwAtADIANwBAAEYATQBVAGAAZwBqAGwAbgBxAHMAdQB3AIQAjgEQARUBHQO9A78DxAPPA9gD5gPqA/ED+gP/BAwEDwQhBCQEKQAAAAAAAAIBAAAAAAAAACgAAAAAAAAAAAAAAAAAAAQr}}

@unpublished{Geurts2006:Exclusive-disju,
	Author = {Bart Geurts},
	Date-Added = {2016-02-11 13:10:15 +0000},
	Date-Modified = {2016-02-11 13:10:49 +0000},
	Note = {Manuscript, Nijmegen},
	Title = {Exclusive disjunction without implicature},
	Year = {2006},
	Bdsk-File-1 = {YnBsaXN0MDDUAQIDBAUGJCVYJHZlcnNpb25YJG9iamVjdHNZJGFyY2hpdmVyVCR0b3ASAAGGoKgHCBMUFRYaIVUkbnVsbNMJCgsMDxJXTlMua2V5c1pOUy5vYmplY3RzViRjbGFzc6INDoACgAOiEBGABIAFgAdccmVsYXRpdmVQYXRoWWFsaWFzRGF0YV8QYi4uLy4uLy4uLy4uL0Rlc2t0b3AvZGF0YS9zeW5jL0xpdGVyYXR1cmUvR2V1cnRzXzIwMDZfRXhjbHVzaXZlIGRpc2p1bmN0aW9uIHdpdGhvdXQgaW1wbGljYXR1cmUucGRm0hcLGBlXTlMuZGF0YU8RAkQAAAAAAkQAAgAADE1hY2ludG9zaCBIRAAAAAAAAAAAAAAAAAAAAM/URuZIKwAAAAx7tR9HZXVydHNfMjAwNl9FeGNsdXNpIzEwMTgwMDgucGRmAAAAAAAAAAAAAAAAAAAAAAAAAAAAAAAAAAAAAAAAAAABAYAI0uJG+QAAAAAAAAAAAAQABQAACSAAAAAAAAAAAAAAAAAAAAAKTGl0ZXJhdHVyZQAQAAgAAM/UKsYAAAARAAgAANLiOOkAAAABABgADHu1AAx7OwALqGYACryJAAk+CAACZvkAAgBbTWFjaW50b3NoIEhEOlVzZXJzOgBtaWNoYToARGVza3RvcDoAZGF0YToAc3luYzoATGl0ZXJhdHVyZToAR2V1cnRzXzIwMDZfRXhjbHVzaSMxMDE4MDA4LnBkZgAADgB0ADkARwBlAHUAcgB0AHMAXwAyADAAMAA2AF8ARQB4AGMAbAB1AHMAaQB2AGUAIABkAGkAcwBqAHUAbgBjAHQAaQBvAG4AIAB3AGkAdABoAG8AdQB0ACAAaQBtAHAAbABpAGMAYQB0AHUAcgBlAC4AcABkAGYADwAaAAwATQBhAGMAaQBuAHQAbwBzAGgAIABIAEQAEgBiVXNlcnMvbWljaGEvRGVza3RvcC9kYXRhL3N5bmMvTGl0ZXJhdHVyZS9HZXVydHNfMjAwNl9FeGNsdXNpdmUgZGlzanVuY3Rpb24gd2l0aG91dCBpbXBsaWNhdHVyZS5wZGYAEwABLwAAFQACAAz//wAAgAbSGxwdHlokY2xhc3NuYW1lWCRjbGFzc2VzXU5TTXV0YWJsZURhdGGjHR8gVk5TRGF0YVhOU09iamVjdNIbHCIjXE5TRGljdGlvbmFyeaIiIF8QD05TS2V5ZWRBcmNoaXZlctEmJ1Ryb290gAEACAARABoAIwAtADIANwBAAEYATQBVAGAAZwBqAGwAbgBxAHMAdQB3AIQAjgDzAPgBAANIA0oDTwNaA2MDcQN1A3wDhQOKA5cDmgOsA68DtAAAAAAAAAIBAAAAAAAAACgAAAAAAAAAAAAAAAAAAAO2}}

@incollection{Fox2007:Free-Choice-and,
	Address = {Hampshire},
	Author = {Danny Fox},
	Booktitle = {Presupposition and Implicature in Compositional Semantics},
	Date-Added = {2007-08-27 16:01:20 +0200},
	Date-Modified = {2010-08-26 14:26:06 +0200},
	Editor = {Uli Sauerland and Penka Stateva},
	Local-Url = {file://localhost/Users/micha/Desktop/data/sync/Literature/Fox_2006_Free%20Choice%20and%20the%20theory%20of%20Scalar%20Implicatures.pdf},
	Pages = {71--120},
	Publisher = {Palgrave MacMillan},
	Title = {Free Choice and the Theory of Scalar Implicatures},
	Year = {2007},
	Bdsk-File-1 = {YnBsaXN0MDDUAQIDBAUGJCVYJHZlcnNpb25YJG9iamVjdHNZJGFyY2hpdmVyVCR0b3ASAAGGoKgHCBMUFRYaIVUkbnVsbNMJCgsMDxJXTlMua2V5c1pOUy5vYmplY3RzViRjbGFzc6INDoACgAOiEBGABIAFgAdccmVsYXRpdmVQYXRoWWFsaWFzRGF0YV8QZy4uLy4uLy4uLy4uL0Rlc2t0b3AvZGF0YS9zeW5jL0xpdGVyYXR1cmUvRm94XzIwMDZfRnJlZSBDaG9pY2UgYW5kIHRoZSB0aGVvcnkgb2YgU2NhbGFyIEltcGxpY2F0dXJlcy5wZGbSFwsYGVdOUy5kYXRhTxECVAAAAAACVAACAAAMTWFjaW50b3NoIEhEAAAAAAAAAAAAAAAAAAAAz9RG5kgrAAAADHu1H0ZveF8yMDA2X0ZyZWUgQ2hvaWNlI0Q0RTRERi5wZGYAAAAAAAAAAAAAAAAAAAAAAAAAAAAAAAAAAAAAAAAAAADU5N8AAAAAAAAAAAAAAAAABAAFAAAJIAAAAAAAAAAAAAAAAAAAAApMaXRlcmF0dXJlABAACAAAz9QqxgAAABEACAAAAAAAAAAAAAEAGAAMe7UADHs7AAuoZgAKvIkACT4IAAJm+QACAFtNYWNpbnRvc2ggSEQ6VXNlcnM6AG1pY2hhOgBEZXNrdG9wOgBkYXRhOgBzeW5jOgBMaXRlcmF0dXJlOgBGb3hfMjAwNl9GcmVlIENob2ljZSNENEU0REYucGRmAAAOAH4APgBGAG8AeABfADIAMAAwADYAXwBGAHIAZQBlACAAQwBoAG8AaQBjAGUAIABhAG4AZAAgAHQAaABlACAAdABoAGUAbwByAHkAIABvAGYAIABTAGMAYQBsAGEAcgAgAEkAbQBwAGwAaQBjAGEAdAB1AHIAZQBzAC4AcABkAGYADwAaAAwATQBhAGMAaQBuAHQAbwBzAGgAIABIAEQAEgBnVXNlcnMvbWljaGEvRGVza3RvcC9kYXRhL3N5bmMvTGl0ZXJhdHVyZS9Gb3hfMjAwNl9GcmVlIENob2ljZSBhbmQgdGhlIHRoZW9yeSBvZiBTY2FsYXIgSW1wbGljYXR1cmVzLnBkZgAAEwABLwAAFQACAAz//wAAgAbSGxwdHlokY2xhc3NuYW1lWCRjbGFzc2VzXU5TTXV0YWJsZURhdGGjHR8gVk5TRGF0YVhOU09iamVjdNIbHCIjXE5TRGljdGlvbmFyeaIiIF8QD05TS2V5ZWRBcmNoaXZlctEmJ1Ryb290gAEACAARABoAIwAtADIANwBAAEYATQBVAGAAZwBqAGwAbgBxAHMAdQB3AIQAjgD4AP0BBQNdA18DZANvA3gDhgOKA5EDmgOfA6wDrwPBA8QDyQAAAAAAAAIBAAAAAAAAACgAAAAAAAAAAAAAAAAAAAPL}}

@phdthesis{Zondervan2010:Scalar-Implicat,
	Author = {Arjen Zondervan},
	Date-Added = {2016-02-15 10:25:36 +0000},
	Date-Modified = {2016-02-15 10:26:17 +0000},
	School = {Utrecht University},
	Title = {Scalar Implicatures \emph{or} Focus: {A}n Experimental Approach},
	Year = {2010},
	Bdsk-File-1 = {YnBsaXN0MDDUAQIDBAUGJCVYJHZlcnNpb25YJG9iamVjdHNZJGFyY2hpdmVyVCR0b3ASAAGGoKgHCBMUFRYaIVUkbnVsbNMJCgsMDxJXTlMua2V5c1pOUy5vYmplY3RzViRjbGFzc6INDoACgAOiEBGABIAFgAdccmVsYXRpdmVQYXRoWWFsaWFzRGF0YV8QcS4uLy4uLy4uLy4uL0Rlc2t0b3AvZGF0YS9zeW5jL0xpdGVyYXR1cmUvWm9uZGVydmFuXzIwMTBfU2NhbGFyIEltcGxpY2F0dXJlcyBvciBGb2N1cyBBbiBFeHBlcmltZW50YWwgQXBwcm9hY2gucGRm0hcLGBlXTlMuZGF0YU8RAnIAAAAAAnIAAgAADE1hY2ludG9zaCBIRAAAAAAAAAAAAAAAAAAAAM/URuZIKwAAAAx7tR9ab25kZXJ2YW5fMjAxMF9TY2FsIzEwMjM3OTQucGRmAAAAAAAAAAAAAAAAAAAAAAAAAAAAAAAAAAAAAAAAAAABAjeU0moubQAAAAAAAAAAAAQABQAACSAAAAAAAAAAAAAAAAAAAAAKTGl0ZXJhdHVyZQAQAAgAAM/UKsYAAAARAAgAANJqIF0AAAABABgADHu1AAx7OwALqGYACryJAAk+CAACZvkAAgBbTWFjaW50b3NoIEhEOlVzZXJzOgBtaWNoYToARGVza3RvcDoAZGF0YToAc3luYzoATGl0ZXJhdHVyZToAWm9uZGVydmFuXzIwMTBfU2NhbCMxMDIzNzk0LnBkZgAADgCSAEgAWgBvAG4AZABlAHIAdgBhAG4AXwAyADAAMQAwAF8AUwBjAGEAbABhAHIAIABJAG0AcABsAGkAYwBhAHQAdQByAGUAcwAgAG8AcgAgAEYAbwBjAHUAcwAgAEEAbgAgAEUAeABwAGUAcgBpAG0AZQBuAHQAYQBsACAAQQBwAHAAcgBvAGEAYwBoAC4AcABkAGYADwAaAAwATQBhAGMAaQBuAHQAbwBzAGgAIABIAEQAEgBxVXNlcnMvbWljaGEvRGVza3RvcC9kYXRhL3N5bmMvTGl0ZXJhdHVyZS9ab25kZXJ2YW5fMjAxMF9TY2FsYXIgSW1wbGljYXR1cmVzIG9yIEZvY3VzIEFuIEV4cGVyaW1lbnRhbCBBcHByb2FjaC5wZGYAABMAAS8AABUAAgAM//8AAIAG0hscHR5aJGNsYXNzbmFtZVgkY2xhc3Nlc11OU011dGFibGVEYXRhox0fIFZOU0RhdGFYTlNPYmplY3TSGxwiI1xOU0RpY3Rpb25hcnmiIiBfEA9OU0tleWVkQXJjaGl2ZXLRJidUcm9vdIABAAgAEQAaACMALQAyADcAQABGAE0AVQBgAGcAagBsAG4AcQBzAHUAdwCEAI4BAgEHAQ8DhQOHA4wDlwOgA64DsgO5A8IDxwPUA9cD6QPsA/EAAAAAAAACAQAAAAAAAAAoAAAAAAAAAAAAAAAAAAAD8w==}}



@article{buhrmester2011,
    title = {Amazon's {M}echanical {T}urk: a new source of inexpensive, yet high-quality, data?},
    author = {Buhrmester, Michael and Kwang, Tracy and Gosling, Samuel D.},
    journal = {Perspectives on Psychological Science},
    year = {2011},
    volume = {6},
    number = {1},
    pages = {3-5},
  }
	
@article{sprouse2011,
    title = {A validation of {A}mazon {M}echanical {T}urk for the collection of acceptability judgments in linguistic theory},
    author = {Sprouse, Jon},
    journal = {Behavior Research Methods},
    year = {2011},
    volume = {43},
    number = {1},
    pages = {155-167},
  }

@article{schnoebelen2010,
    title = {Using {A}mazon {M}echanical {T}urk for linguistic research},
    author = {Schnoebelen, Tyler and Kuperman, Victor},
    journal = {Psihologija},
    year = {2010},
    volume = {43},
    number = {4},
    pages = {441-464},
  }

@article{RouderMorey2012:Default-Bayes-F,
	Author = {Jeffrey N. Rouder and Richard D. Morey},
	Journal = {Multivariate Behavioral Research},
	Pages = {877--903},
	Title = {Default Bayes Factors for Model Selection in Regression},
	Volume = {47},
	Year = {2012}}


@incollection{MerinInfoRelSocialDecisionmaking1999,
	Author = {Arthur Merin},
	Booktitle = {Logic, Language and Computation},
	Editor = {Lawrence C. Moss and Jonathan Ginzburg and Maarten de Rijke},
	Pages = {179-221},
	Publisher = {CSLI Publications},
	Title = {Information, Relevance, and Social Decisionmaking: {S}ome Principles and Results of Decision-Theoretic Semantics},
	Volume = {2},
	Year = {1999}}

@book{Ducrot1973,
	Author = {Oswald Ducrot},
	Publisher = {Maison Mame},
	Title = {La preuve et le dire},
	Year = {1973}}

@book{AnscombreDucrot1983:Largumentation-,
	Address = {Brussels},
	Author = {Jean-Claude Anscombre and Oswald Ducrot},
	Publisher = {Mardaga},
	Title = {L'argumentation dans la langue},
	Year = {1983}}

@article{Rooijvan-Rooij2004:Cooperative-ver,
	Author = {{\SortNoop{Rooij}}van Rooij, Robert},
	Journal = {Philosophia Scientiae},
	Number = {2},
	Pages = {195--209},
	Title = {Cooperative versus Argumentative Communication},
	Volume = {8},
	Year = {2004}}
