%% This BibTeX bibliography file was created using BibDesk.
%% http://bibdesk.sourceforge.net/


%% Created for micha at 2016-08-05 07:16:49 +0200 


%% Saved with string encoding Unicode (UTF-8) 


@preamble{"\newcommand{\SortNoop}[1]{}"}



@incollection{Raftery1995:Bayesian-Model-,
	Address = {Cambridge},
	Author = {Adrian E. Raftery},
	Booktitle = {Sociological Methodology},
	Date-Added = {2016-08-05 05:16:48 +0000},
	Date-Modified = {2016-08-05 05:16:48 +0000},
	Editor = {P. V. Marsden},
	Pages = {111--196},
	Publisher = {Blackwell},
	Title = {Bayesian Model Selection in Social Research},
	Year = {1995},
	Bdsk-File-1 = {YnBsaXN0MDDUAQIDBAUGJCVYJHZlcnNpb25YJG9iamVjdHNZJGFyY2hpdmVyVCR0b3ASAAGGoKgHCBMUFRYaIVUkbnVsbNMJCgsMDxJXTlMua2V5c1pOUy5vYmplY3RzViRjbGFzc6INDoACgAOiEBGABIAFgAdccmVsYXRpdmVQYXRoWWFsaWFzRGF0YV8QXS4uLy4uLy4uLy4uL2RhdGEvc3luYy9MaXRlcmF0dXJlL1JhZnRlcnlfMTk5NV9CYXllc2lhbiBNb2RlbCBTZWxlY3Rpb24gaW4gU29jaWFsIFJlc2VhcmNoLnBkZtIXCxgZV05TLmRhdGFPEQJOAAAAAAJOAAIAAAxNYWNpbnRvc2ggSEQAAAAAAAAAAAAAAAAAAADOl7nTSCsAAAAOvDEfUmFmdGVyeV8xOTk1X0JheWVzaSMxMjhGQTg3LnBkZgAAAAAAAAAAAAAAAAAAAAAAAAAAAAAAAAAAAAAAAAAAASj6h9PJ7c4AAAAAAAAAAAAEAAQAAAkgAAAAAAAAAAAAAAAAAAAACkxpdGVyYXR1cmUAEAAIAADOl6vDAAAAEQAIAADTydGuAAAAAQAYAA68MQAOu7kADe8EAA3GtQAMTz0AAmSOAAIAW01hY2ludG9zaCBIRDpVc2VyczoAbWljaGE6AERlc2t0b3A6AGRhdGE6AHN5bmM6AExpdGVyYXR1cmU6AFJhZnRlcnlfMTk5NV9CYXllc2kjMTI4RkE4Ny5wZGYAAA4AegA8AFIAYQBmAHQAZQByAHkAXwAxADkAOQA1AF8AQgBhAHkAZQBzAGkAYQBuACAATQBvAGQAZQBsACAAUwBlAGwAZQBjAHQAaQBvAG4AIABpAG4AIABTAG8AYwBpAGEAbAAgAFIAZQBzAGUAYQByAGMAaAAuAHAAZABmAA8AGgAMAE0AYQBjAGkAbgB0AG8AcwBoACAASABEABIAZVVzZXJzL21pY2hhL0Rlc2t0b3AvZGF0YS9zeW5jL0xpdGVyYXR1cmUvUmFmdGVyeV8xOTk1X0JheWVzaWFuIE1vZGVsIFNlbGVjdGlvbiBpbiBTb2NpYWwgUmVzZWFyY2gucGRmAAATAAEvAAAVAAIADP//AACABtIbHB0eWiRjbGFzc25hbWVYJGNsYXNzZXNdTlNNdXRhYmxlRGF0YaMdHyBWTlNEYXRhWE5TT2JqZWN00hscIiNcTlNEaWN0aW9uYXJ5oiIgXxAPTlNLZXllZEFyY2hpdmVy0SYnVHJvb3SAAQAIABEAGgAjAC0AMgA3AEAARgBNAFUAYABnAGoAbABuAHEAcwB1AHcAhACOAO4A8wD7A00DTwNUA18DaAN2A3oDgQOKA48DnAOfA7EDtAO5AAAAAAAAAgEAAAAAAAAAKAAAAAAAAAAAAAAAAAAAA7s=}}

@article{LodewyckxKim2011:A-tutorial-on-B,
	Author = {Tom Lodewyckx and Woojae Kim and Michael D. Lee and Francis Tuerlinckx and Peter Kuppens and Eric-Jan Wagenmakers},
	Date-Added = {2016-08-05 05:13:29 +0000},
	Date-Modified = {2016-08-05 05:13:29 +0000},
	Doi = {10.1016/j.jmp.2011.06.001},
	Journal = {Journal of Mathematical Psychology},
	Pages = {331--347},
	Title = {A tutorial on Bayes factor estimation with the product space method},
	Volume = {55},
	Year = {2011},
	Bdsk-File-1 = {YnBsaXN0MDDUAQIDBAUGJCVYJHZlcnNpb25YJG9iamVjdHNZJGFyY2hpdmVyVCR0b3ASAAGGoKgHCBMUFRYaIVUkbnVsbNMJCgsMDxJXTlMua2V5c1pOUy5vYmplY3RzViRjbGFzc6INDoACgAOiEBGABIAFgAdccmVsYXRpdmVQYXRoWWFsaWFzRGF0YV8Qcy4uLy4uLy4uLy4uL2RhdGEvc3luYy9MaXRlcmF0dXJlL0xvZGV3eWNreEtpbV8yMDExX0EgdHV0b3JpYWwgb24gQmF5ZXMgZmFjdG9yIGVzdGltYXRpb24gd2l0aCB0aGUgcHJvZHVjdCBzcGFjZS5wZGbSFwsYGVdOUy5kYXRhTxECkAAAAAACkAACAAAMTWFjaW50b3NoIEhEAAAAAAAAAAAAAAAAAAAAzpe500grAAAADrwxH0xvZGV3eWNreEtpbV8yMDExX0EgI0IyQjA3RS5wZGYAAAAAAAAAAAAAAAAAAAAAAAAAAAAAAAAAAAAAAAAAAACysH7RuWBOAAAAAAAAAAAABAAEAAAJIAAAAAAAAAAAAAAAAAAAAApMaXRlcmF0dXJlABAACAAAzperwwAAABEACAAA0blELgAAAAEAGAAOvDEADru5AA3vBAANxrUADE89AAJkjgACAFtNYWNpbnRvc2ggSEQ6VXNlcnM6AG1pY2hhOgBEZXNrdG9wOgBkYXRhOgBzeW5jOgBMaXRlcmF0dXJlOgBMb2Rld3lja3hLaW1fMjAxMV9BICNCMkIwN0UucGRmAAAOAKYAUgBMAG8AZABlAHcAeQBjAGsAeABLAGkAbQBfADIAMAAxADEAXwBBACAAdAB1AHQAbwByAGkAYQBsACAAbwBuACAAQgBhAHkAZQBzACAAZgBhAGMAdABvAHIAIABlAHMAdABpAG0AYQB0AGkAbwBuACAAdwBpAHQAaAAgAHQAaABlACAAcAByAG8AZAB1AGMAdAAgAHMAcABhAGMAZQAuAHAAZABmAA8AGgAMAE0AYQBjAGkAbgB0AG8AcwBoACAASABEABIAe1VzZXJzL21pY2hhL0Rlc2t0b3AvZGF0YS9zeW5jL0xpdGVyYXR1cmUvTG9kZXd5Y2t4S2ltXzIwMTFfQSB0dXRvcmlhbCBvbiBCYXllcyBmYWN0b3IgZXN0aW1hdGlvbiB3aXRoIHRoZSBwcm9kdWN0IHNwYWNlLnBkZgAAEwABLwAAFQACAAz//wAAgAbSGxwdHlokY2xhc3NuYW1lWCRjbGFzc2VzXU5TTXV0YWJsZURhdGGjHR8gVk5TRGF0YVhOU09iamVjdNIbHCIjXE5TRGljdGlvbmFyeaIiIF8QD05TS2V5ZWRBcmNoaXZlctEmJ1Ryb290gAEACAARABoAIwAtADIANwBAAEYATQBVAGAAZwBqAGwAbgBxAHMAdQB3AIQAjgEEAQkBEQOlA6cDrAO3A8ADzgPSA9kD4gPnA/QD9wQJBAwEEQAAAAAAAAIBAAAAAAAAACgAAAAAAAAAAAAAAAAAAAQT}}

@book{Jeffreys1961:Theory-of-Proba,
	Address = {Oxford},
	Author = {Harold Jeffreys},
	Date-Added = {2016-08-05 05:12:21 +0000},
	Date-Modified = {2016-08-05 05:12:21 +0000},
	Edition = {3rd},
	Publisher = {Oxford University Press},
	Title = {Theory of Probability},
	Year = {1961}}

@misc{LassiterGoodman2015:Adjectival-vagu,
	Author = {Daniel Lassiter and Noah D. Goodman},
	Date-Added = {2016-07-21 15:33:04 +0000},
	Date-Modified = {2016-07-21 15:33:04 +0000},
	Note = {To appear in: \emph{Synthese}},
	Title = {Adjectival vagueness in a {B}ayesian model of interpretation},
	Year = {2015},
	Bdsk-File-1 = {YnBsaXN0MDDUAQIDBAUGJCVYJHZlcnNpb25YJG9iamVjdHNZJGFyY2hpdmVyVCR0b3ASAAGGoKgHCBMUFRYaIVUkbnVsbNMJCgsMDxJXTlMua2V5c1pOUy5vYmplY3RzViRjbGFzc6INDoACgAOiEBGABIAFgAdccmVsYXRpdmVQYXRoWWFsaWFzRGF0YV8QdC4uLy4uLy4uLy4uL2RhdGEvc3luYy9MaXRlcmF0dXJlL0xhc3NpdGVyR29vZG1hbl8yMDE1X0FkamVjdGl2YWwgdmFndWVuZXNzIGluIGEgQmF5ZXNpYW4gbW9kZWwgb2YgaW50ZXJwcmV0YXRpb24ucGRm0hcLGBlXTlMuZGF0YU8RApIAAAAAApIAAgAADE1hY2ludG9zaCBIRAAAAAAAAAAAAAAAAAAAAM6XudNIKwAAAA68MR9MYXNzaXRlckdvb2RtYW5fMjAxNSNCNDNEQ0IucGRmAAAAAAAAAAAAAAAAAAAAAAAAAAAAAAAAAAAAAAAAAAAAtD3L0cG5kAAAAAAAAAAAAAQABAAACSAAAAAAAAAAAAAAAAAAAAAKTGl0ZXJhdHVyZQAQAAgAAM6Xq8MAAAARAAgAANHBnXAAAAABABgADrwxAA67uQAN7wQADca1AAxPPQACZI4AAgBbTWFjaW50b3NoIEhEOlVzZXJzOgBtaWNoYToARGVza3RvcDoAZGF0YToAc3luYzoATGl0ZXJhdHVyZToATGFzc2l0ZXJHb29kbWFuXzIwMTUjQjQzRENCLnBkZgAADgCoAFMATABhAHMAcwBpAHQAZQByAEcAbwBvAGQAbQBhAG4AXwAyADAAMQA1AF8AQQBkAGoAZQBjAHQAaQB2AGEAbAAgAHYAYQBnAHUAZQBuAGUAcwBzACAAaQBuACAAYQAgAEIAYQB5AGUAcwBpAGEAbgAgAG0AbwBkAGUAbAAgAG8AZgAgAGkAbgB0AGUAcgBwAHIAZQB0AGEAdABpAG8AbgAuAHAAZABmAA8AGgAMAE0AYQBjAGkAbgB0AG8AcwBoACAASABEABIAfFVzZXJzL21pY2hhL0Rlc2t0b3AvZGF0YS9zeW5jL0xpdGVyYXR1cmUvTGFzc2l0ZXJHb29kbWFuXzIwMTVfQWRqZWN0aXZhbCB2YWd1ZW5lc3MgaW4gYSBCYXllc2lhbiBtb2RlbCBvZiBpbnRlcnByZXRhdGlvbi5wZGYAEwABLwAAFQACAAz//wAAgAbSGxwdHlokY2xhc3NuYW1lWCRjbGFzc2VzXU5TTXV0YWJsZURhdGGjHR8gVk5TRGF0YVhOU09iamVjdNIbHCIjXE5TRGljdGlvbmFyeaIiIF8QD05TS2V5ZWRBcmNoaXZlctEmJ1Ryb290gAEACAARABoAIwAtADIANwBAAEYATQBVAGAAZwBqAGwAbgBxAHMAdQB3AIQAjgEFAQoBEgOoA6oDrwO6A8MD0QPVA9wD5QPqA/cD+gQMBA8EFAAAAAAAAAIBAAAAAAAAACgAAAAAAAAAAAAAAAAAAAQW}}

@inproceedings{QingFranke2014:Gradable-Adject,
	Author = {Ciyang Qing and Michael Franke},
	Booktitle = {Proceedings of {SALT} 44},
	Date-Added = {2016-07-21 15:30:55 +0000},
	Date-Modified = {2016-07-21 15:30:55 +0000},
	Editor = {Jessi Grieser and Todd Snider and Sarah D'Antonio and Mia Wiegand},
	Pages = {23--41},
	Title = {Gradable Adjectives, Vagueness, and Optimal Language Use: {A} Speaker-Oriented Model},
	Year = {2014},
	Bdsk-File-1 = {YnBsaXN0MDDUAQIDBAUGJCVYJHZlcnNpb25YJG9iamVjdHNZJGFyY2hpdmVyVCR0b3ASAAGGoKgHCBMUFRYaIVUkbnVsbNMJCgsMDxJXTlMua2V5c1pOUy5vYmplY3RzViRjbGFzc6INDoACgAOiEBGABIAFgAdccmVsYXRpdmVQYXRoWWFsaWFzRGF0YV8Qhi4uLy4uLy4uLy4uL2RhdGEvc3luYy9MaXRlcmF0dXJlL1FpbmdGcmFua2VfMjAxNF9HcmFkYWJsZSBBZGplY3RpdmVzLCBWYWd1ZW5lc3MsIGFuZCBPcHRpbWFsIExhbmd1YWdlIFVzZSBBIFNwZWFrZXItT3JpZW50ZWQgTW9kZWwucGRm0hcLGBlXTlMuZGF0YU8RAsgAAAAAAsgAAgAADE1hY2ludG9zaCBIRAAAAAAAAAAAAAAAAAAAAM6XudNIKwAAAA68MR9RaW5nRnJhbmtlXzIwMTRfR3JhZCMzRkQ3RkQucGRmAAAAAAAAAAAAAAAAAAAAAAAAAAAAAAAAAAAAAAAAAAAAP9f9z46sPwAAAAAAAAAAAAQABAAACSAAAAAAAAAAAAAAAAAAAAAKTGl0ZXJhdHVyZQAQAAgAAM6Xq8MAAAARAAgAAM+OkB8AAAABABgADrwxAA67uQAN7wQADca1AAxPPQACZI4AAgBbTWFjaW50b3NoIEhEOlVzZXJzOgBtaWNoYToARGVza3RvcDoAZGF0YToAc3luYzoATGl0ZXJhdHVyZToAUWluZ0ZyYW5rZV8yMDE0X0dyYWQjM0ZEN0ZELnBkZgAADgDMAGUAUQBpAG4AZwBGAHIAYQBuAGsAZQBfADIAMAAxADQAXwBHAHIAYQBkAGEAYgBsAGUAIABBAGQAagBlAGMAdABpAHYAZQBzACwAIABWAGEAZwB1AGUAbgBlAHMAcwAsACAAYQBuAGQAIABPAHAAdABpAG0AYQBsACAATABhAG4AZwB1AGEAZwBlACAAVQBzAGUAIABBACAAUwBwAGUAYQBrAGUAcgAtAE8AcgBpAGUAbgB0AGUAZAAgAE0AbwBkAGUAbAAuAHAAZABmAA8AGgAMAE0AYQBjAGkAbgB0AG8AcwBoACAASABEABIAjlVzZXJzL21pY2hhL0Rlc2t0b3AvZGF0YS9zeW5jL0xpdGVyYXR1cmUvUWluZ0ZyYW5rZV8yMDE0X0dyYWRhYmxlIEFkamVjdGl2ZXMsIFZhZ3VlbmVzcywgYW5kIE9wdGltYWwgTGFuZ3VhZ2UgVXNlIEEgU3BlYWtlci1PcmllbnRlZCBNb2RlbC5wZGYAEwABLwAAFQACAAz//wAAgAbSGxwdHlokY2xhc3NuYW1lWCRjbGFzc2VzXU5TTXV0YWJsZURhdGGjHR8gVk5TRGF0YVhOU09iamVjdNIbHCIjXE5TRGljdGlvbmFyeaIiIF8QD05TS2V5ZWRBcmNoaXZlctEmJ1Ryb290gAEACAARABoAIwAtADIANwBAAEYATQBVAGAAZwBqAGwAbgBxAHMAdQB3AIQAjgEXARwBJAPwA/ID9wQCBAsEGQQdBCQELQQyBD8EQgRUBFcEXAAAAAAAAAIBAAAAAAAAACgAAAAAAAAAAAAAAAAAAARe},
	Bdsk-File-2 = {YnBsaXN0MDDUAQIDBAUGJCVYJHZlcnNpb25YJG9iamVjdHNZJGFyY2hpdmVyVCR0b3ASAAGGoKgHCBMUFRYaIVUkbnVsbNMJCgsMDxJXTlMua2V5c1pOUy5vYmplY3RzViRjbGFzc6INDoACgAOiEBGABIAFgAdccmVsYXRpdmVQYXRoWWFsaWFzRGF0YV8Qhy4uLy4uLy4uLy4uL2RhdGEvc3luYy9MaXRlcmF0dXJlL1FpbmdGcmFua2VfMjAxNF9HcmFkYWJsZSBBZGplY3RpdmVzLCBWYWd1ZW5lc3MsIGFuZCBPcHRpbWFsIExhbmd1YWdlIFVzZSBBIFNwZWFrZXItT3JpZW50ZWQgTW9kZWxhLnBkZtIXCxgZV05TLmRhdGFPEQLMAAAAAALMAAIAAAxNYWNpbnRvc2ggSEQAAAAAAAAAAAAAAAAAAADOl7nTSCsAAAAOvDEfUWluZ0ZyYW5rZV8yMDE0X0dyYWQjNDgzRTU4LnBkZgAAAAAAAAAAAAAAAAAAAAAAAAAAAAAAAAAAAAAAAAAAAEg+WM/FxsgAAAAAAAAAAAAEAAQAAAkgAAAAAAAAAAAAAAAAAAAACkxpdGVyYXR1cmUAEAAIAADOl6vDAAAAEQAIAADPxaqoAAAAAQAYAA68MQAOu7kADe8EAA3GtQAMTz0AAmSOAAIAW01hY2ludG9zaCBIRDpVc2VyczoAbWljaGE6AERlc2t0b3A6AGRhdGE6AHN5bmM6AExpdGVyYXR1cmU6AFFpbmdGcmFua2VfMjAxNF9HcmFkIzQ4M0U1OC5wZGYAAA4AzgBmAFEAaQBuAGcARgByAGEAbgBrAGUAXwAyADAAMQA0AF8ARwByAGEAZABhAGIAbABlACAAQQBkAGoAZQBjAHQAaQB2AGUAcwAsACAAVgBhAGcAdQBlAG4AZQBzAHMALAAgAGEAbgBkACAATwBwAHQAaQBtAGEAbAAgAEwAYQBuAGcAdQBhAGcAZQAgAFUAcwBlACAAQQAgAFMAcABlAGEAawBlAHIALQBPAHIAaQBlAG4AdABlAGQAIABNAG8AZABlAGwAYQAuAHAAZABmAA8AGgAMAE0AYQBjAGkAbgB0AG8AcwBoACAASABEABIAj1VzZXJzL21pY2hhL0Rlc2t0b3AvZGF0YS9zeW5jL0xpdGVyYXR1cmUvUWluZ0ZyYW5rZV8yMDE0X0dyYWRhYmxlIEFkamVjdGl2ZXMsIFZhZ3VlbmVzcywgYW5kIE9wdGltYWwgTGFuZ3VhZ2UgVXNlIEEgU3BlYWtlci1PcmllbnRlZCBNb2RlbGEucGRmAAATAAEvAAAVAAIADP//AACABtIbHB0eWiRjbGFzc25hbWVYJGNsYXNzZXNdTlNNdXRhYmxlRGF0YaMdHyBWTlNEYXRhWE5TT2JqZWN00hscIiNcTlNEaWN0aW9uYXJ5oiIgXxAPTlNLZXllZEFyY2hpdmVy0SYnVHJvb3SAAQAIABEAGgAjAC0AMgA3AEAARgBNAFUAYABnAGoAbABuAHEAcwB1AHcAhACOARgBHQElA/UD9wP8BAcEEAQeBCIEKQQyBDcERARHBFkEXARhAAAAAAAAAgEAAAAAAAAAKAAAAAAAAAAAAAAAAAAABGM=},
	Bdsk-File-3 = {YnBsaXN0MDDUAQIDBAUGJCVYJHZlcnNpb25YJG9iamVjdHNZJGFyY2hpdmVyVCR0b3ASAAGGoKgHCBMUFRYaIVUkbnVsbNMJCgsMDxJXTlMua2V5c1pOUy5vYmplY3RzViRjbGFzc6INDoACgAOiEBGABIAFgAdccmVsYXRpdmVQYXRoWWFsaWFzRGF0YV8Qhy4uLy4uLy4uLy4uL2RhdGEvc3luYy9MaXRlcmF0dXJlL1FpbmdGcmFua2VfMjAxNF9HcmFkYWJsZSBBZGplY3RpdmVzLCBWYWd1ZW5lc3MsIGFuZCBPcHRpbWFsIExhbmd1YWdlIFVzZSBBIFNwZWFrZXItT3JpZW50ZWQgTW9kZWxiLnBkZtIXCxgZV05TLmRhdGFPEQLMAAAAAALMAAIAAAxNYWNpbnRvc2ggSEQAAAAAAAAAAAAAAAAAAADOl7nTSCsAAAAOvDEfUWluZ0ZyYW5rZV8yMDE0X0dyYWQjNUU1QTJDLnBkZgAAAAAAAAAAAAAAAAAAAAAAAAAAAAAAAAAAAAAAAAAAAF5aLNASUp8AAAAAAAAAAAAEAAQAAAkgAAAAAAAAAAAAAAAAAAAACkxpdGVyYXR1cmUAEAAIAADOl6vDAAAAEQAIAADQEjZ/AAAAAQAYAA68MQAOu7kADe8EAA3GtQAMTz0AAmSOAAIAW01hY2ludG9zaCBIRDpVc2VyczoAbWljaGE6AERlc2t0b3A6AGRhdGE6AHN5bmM6AExpdGVyYXR1cmU6AFFpbmdGcmFua2VfMjAxNF9HcmFkIzVFNUEyQy5wZGYAAA4AzgBmAFEAaQBuAGcARgByAGEAbgBrAGUAXwAyADAAMQA0AF8ARwByAGEAZABhAGIAbABlACAAQQBkAGoAZQBjAHQAaQB2AGUAcwAsACAAVgBhAGcAdQBlAG4AZQBzAHMALAAgAGEAbgBkACAATwBwAHQAaQBtAGEAbAAgAEwAYQBuAGcAdQBhAGcAZQAgAFUAcwBlACAAQQAgAFMAcABlAGEAawBlAHIALQBPAHIAaQBlAG4AdABlAGQAIABNAG8AZABlAGwAYgAuAHAAZABmAA8AGgAMAE0AYQBjAGkAbgB0AG8AcwBoACAASABEABIAj1VzZXJzL21pY2hhL0Rlc2t0b3AvZGF0YS9zeW5jL0xpdGVyYXR1cmUvUWluZ0ZyYW5rZV8yMDE0X0dyYWRhYmxlIEFkamVjdGl2ZXMsIFZhZ3VlbmVzcywgYW5kIE9wdGltYWwgTGFuZ3VhZ2UgVXNlIEEgU3BlYWtlci1PcmllbnRlZCBNb2RlbGIucGRmAAATAAEvAAAVAAIADP//AACABtIbHB0eWiRjbGFzc25hbWVYJGNsYXNzZXNdTlNNdXRhYmxlRGF0YaMdHyBWTlNEYXRhWE5TT2JqZWN00hscIiNcTlNEaWN0aW9uYXJ5oiIgXxAPTlNLZXllZEFyY2hpdmVy0SYnVHJvb3SAAQAIABEAGgAjAC0AMgA3AEAARgBNAFUAYABnAGoAbABuAHEAcwB1AHcAhACOARgBHQElA/UD9wP8BAcEEAQeBCIEKQQyBDcERARHBFkEXARhAAAAAAAAAgEAAAAAAAAAKAAAAAAAAAAAAAAAAAAABGM=}}

@inproceedings{SchollerFranke2015:Semantic-values,
	Author = {Anthea Sch\"{o}ller and Michael Franke},
	Booktitle = {Proceedings of {SALT} 45},
	Date-Added = {2016-07-21 15:30:20 +0000},
	Date-Modified = {2016-07-21 15:30:20 +0000},
	Doi = {10.3765/salt.v25i0.3058},
	Editor = {Sarah D'Antonio and Mary Moroney and Carol Rose Little},
	Pages = {143--162},
	Title = {Semantic values as latent parameters: {S}urprising \emph{few} \& \emph{many}},
	Year = {2015},
	Bdsk-File-1 = {YnBsaXN0MDDUAQIDBAUGJCVYJHZlcnNpb25YJG9iamVjdHNZJGFyY2hpdmVyVCR0b3ASAAGGoKgHCBMUFRYaIVUkbnVsbNMJCgsMDxJXTlMua2V5c1pOUy5vYmplY3RzViRjbGFzc6INDoACgAOiEBGABIAFgAdccmVsYXRpdmVQYXRoWWFsaWFzRGF0YV8QdC4uLy4uLy4uLy4uL2RhdGEvc3luYy9MaXRlcmF0dXJlL1NjaG9sbGVyRnJhbmtlXzIwMTVfU2VtYW50aWMgdmFsdWVzIGFzIGxhdGVudCBwYXJhbWV0ZXJzIHN1cnByaXNpbmcgZmV3IFwmIG1hbnkucGRm0hcLGBlXTlMuZGF0YU8RApIAAAAAApIAAgAADE1hY2ludG9zaCBIRAAAAAAAAAAAAAAAAAAAAM6XudNIKwAAAA68MR9TY2hvbGxlckZyYW5rZV8yMDE1XyNGRTNGM0UucGRmAAAAAAAAAAAAAAAAAAAAAAAAAAAAAAAAAAAAAAAAAAAA/j8+0sJC9AAAAAAAAAAAAAQABAAACSAAAAAAAAAAAAAAAAAAAAAKTGl0ZXJhdHVyZQAQAAgAAM6Xq8MAAAARAAgAANLCNOQAAAABABgADrwxAA67uQAN7wQADca1AAxPPQACZI4AAgBbTWFjaW50b3NoIEhEOlVzZXJzOgBtaWNoYToARGVza3RvcDoAZGF0YToAc3luYzoATGl0ZXJhdHVyZToAU2Nob2xsZXJGcmFua2VfMjAxNV8jRkUzRjNFLnBkZgAADgCoAFMAUwBjAGgAbwBsAGwAZQByAEYAcgBhAG4AawBlAF8AMgAwADEANQBfAFMAZQBtAGEAbgB0AGkAYwAgAHYAYQBsAHUAZQBzACAAYQBzACAAbABhAHQAZQBuAHQAIABwAGEAcgBhAG0AZQB0AGUAcgBzACAAcwB1AHIAcAByAGkAcwBpAG4AZwAgAGYAZQB3ACAAXAAmACAAbQBhAG4AeQAuAHAAZABmAA8AGgAMAE0AYQBjAGkAbgB0AG8AcwBoACAASABEABIAfFVzZXJzL21pY2hhL0Rlc2t0b3AvZGF0YS9zeW5jL0xpdGVyYXR1cmUvU2Nob2xsZXJGcmFua2VfMjAxNV9TZW1hbnRpYyB2YWx1ZXMgYXMgbGF0ZW50IHBhcmFtZXRlcnMgc3VycHJpc2luZyBmZXcgXCYgbWFueS5wZGYAEwABLwAAFQACAAz//wAAgAbSGxwdHlokY2xhc3NuYW1lWCRjbGFzc2VzXU5TTXV0YWJsZURhdGGjHR8gVk5TRGF0YVhOU09iamVjdNIbHCIjXE5TRGljdGlvbmFyeaIiIF8QD05TS2V5ZWRBcmNoaXZlctEmJ1Ryb290gAEACAARABoAIwAtADIANwBAAEYATQBVAGAAZwBqAGwAbgBxAHMAdQB3AIQAjgEFAQoBEgOoA6oDrwO6A8MD0QPVA9wD5QPqA/cD+gQMBA8EFAAAAAAAAAIBAAAAAAAAACgAAAAAAAAAAAAAAAAAAAQW}}

@article{vanRooijSchulz:ExhaustiveInterpretation,
	Author = {Katrin Schulz and {\SortNoop{Rooij}}van Rooij, Robert},
	Date-Added = {2016-07-18 11:07:06 +0000},
	Date-Modified = {2016-07-18 11:07:06 +0000},
	Doi = {DOI: 10.1007/s10988-005-3760-4},
	Journal = {Linguistics and Philosophy},
	Local-Url = {file://localhost/Users/micha/Desktop/data/sync/Literature/Rooijvan%20RooijSchulz_2006_Pragmatic%20Meaning%20and%20Non-monotonic%20Reasoning%20The%20Case%20of%20Exhaustive%20Interpretation.pdf},
	Pages = {205--250},
	Title = {Pragmatic Meaning and Non-monotonic Reasoning: The Case of Exhaustive Interpretation},
	Volume = {29},
	Year = 2006,
	Bdsk-File-1 = {YnBsaXN0MDDUAQIDBAUGJCVYJHZlcnNpb25YJG9iamVjdHNZJGFyY2hpdmVyVCR0b3ASAAGGoKgHCBMUFRYaIVUkbnVsbNMJCgsMDxJXTlMua2V5c1pOUy5vYmplY3RzViRjbGFzc6INDoACgAOiEBGABIAFgAdccmVsYXRpdmVQYXRoWWFsaWFzRGF0YV8Qki4uLy4uLy4uLy4uL2RhdGEvc3luYy9MaXRlcmF0dXJlL1Jvb2lqdmFuIFJvb2lqU2NodWx6XzIwMDZfUHJhZ21hdGljIE1lYW5pbmcgYW5kIE5vbi1tb25vdG9uaWMgUmVhc29uaW5nIFRoZSBDYXNlIG9mIEV4aGF1c3RpdmUgSW50ZXJwcmV0YXRpb24ucGRm0hcLGBlXTlMuZGF0YU8RAuwAAAAAAuwAAgAADE1hY2ludG9zaCBIRAAAAAAAAAAAAAAAAAAAAM6XudNIKwAAAA68MR9Sb29panZhbiBSb29palNjaHVsel8jRUJGQjcucGRmAAAAAAAAAAAAAAAAAAAAAAAAAAAAAAAAAAAAAAAAAAAADr+3xH7w9gAAAAAAAAAAAAQABAAACSAAAAAAAAAAAAAAAAAAAAAKTGl0ZXJhdHVyZQAQAAgAAM6Xq8MAAAARAAgAAMR+1NYAAAABABgADrwxAA67uQAN7wQADca1AAxPPQACZI4AAgBbTWFjaW50b3NoIEhEOlVzZXJzOgBtaWNoYToARGVza3RvcDoAZGF0YToAc3luYzoATGl0ZXJhdHVyZToAUm9vaWp2YW4gUm9vaWpTY2h1bHpfI0VCRkI3LnBkZgAADgDkAHEAUgBvAG8AaQBqAHYAYQBuACAAUgBvAG8AaQBqAFMAYwBoAHUAbAB6AF8AMgAwADAANgBfAFAAcgBhAGcAbQBhAHQAaQBjACAATQBlAGEAbgBpAG4AZwAgAGEAbgBkACAATgBvAG4ALQBtAG8AbgBvAHQAbwBuAGkAYwAgAFIAZQBhAHMAbwBuAGkAbgBnACAAVABoAGUAIABDAGEAcwBlACAAbwBmACAARQB4AGgAYQB1AHMAdABpAHYAZQAgAEkAbgB0AGUAcgBwAHIAZQB0AGEAdABpAG8AbgAuAHAAZABmAA8AGgAMAE0AYQBjAGkAbgB0AG8AcwBoACAASABEABIAmlVzZXJzL21pY2hhL0Rlc2t0b3AvZGF0YS9zeW5jL0xpdGVyYXR1cmUvUm9vaWp2YW4gUm9vaWpTY2h1bHpfMjAwNl9QcmFnbWF0aWMgTWVhbmluZyBhbmQgTm9uLW1vbm90b25pYyBSZWFzb25pbmcgVGhlIENhc2Ugb2YgRXhoYXVzdGl2ZSBJbnRlcnByZXRhdGlvbi5wZGYAEwABLwAAFQACAAz//wAAgAbSGxwdHlokY2xhc3NuYW1lWCRjbGFzc2VzXU5TTXV0YWJsZURhdGGjHR8gVk5TRGF0YVhOU09iamVjdNIbHCIjXE5TRGljdGlvbmFyeaIiIF8QD05TS2V5ZWRBcmNoaXZlctEmJ1Ryb290gAEACAARABoAIwAtADIANwBAAEYATQBVAGAAZwBqAGwAbgBxAHMAdQB3AIQAjgEjASgBMAQgBCIEJwQyBDsESQRNBFQEXQRiBG8EcgSEBIcEjAAAAAAAAAIBAAAAAAAAACgAAAAAAAAAAAAAAAAAAASO}}

@article{Russell2006:Against-Grammat,
	Author = {Benjamin Russell},
	Date-Added = {2016-07-18 11:05:53 +0000},
	Date-Modified = {2016-07-18 11:05:53 +0000},
	Doi = {10.1093/jos/ffl008},
	Journal = {Journal of Semantics},
	Local-Url = {file://localhost/Users/micha/Desktop/data/sync/Literature/Russell_2006_Against%20Grammatical%20Computation%20of%20Scalar%20Implicatures.pdf},
	Number = {361--382},
	Title = {Against Grammatical Computation of Scalar Implicatures},
	Volume = {23},
	Year = {2006},
	Bdsk-File-1 = {YnBsaXN0MDDUAQIDBAUGJCVYJHZlcnNpb25YJG9iamVjdHNZJGFyY2hpdmVyVCR0b3ASAAGGoKgHCBMUFRYaIVUkbnVsbNMJCgsMDxJXTlMua2V5c1pOUy5vYmplY3RzViRjbGFzc6INDoACgAOiEBGABIAFgAdccmVsYXRpdmVQYXRoWWFsaWFzRGF0YV8QaC4uLy4uLy4uLy4uL2RhdGEvc3luYy9MaXRlcmF0dXJlL1J1c3NlbGxfMjAwNl9BZ2FpbnN0IEdyYW1tYXRpY2FsIENvbXB1dGF0aW9uIG9mIFNjYWxhciBJbXBsaWNhdHVyZXMucGRm0hcLGBlXTlMuZGF0YU8RAm4AAAAAAm4AAgAADE1hY2ludG9zaCBIRAAAAAAAAAAAAAAAAAAAAM6XudNIKwAAAA68MR9SdXNzZWxsXzIwMDZfQWdhaW5zdCAjRUJGRDYucGRmAAAAAAAAAAAAAAAAAAAAAAAAAAAAAAAAAAAAAAAAAAAADr/WxZEqtgAAAAAAAAAAAAQABAAACSAAAAAAAAAAAAAAAAAAAAAKTGl0ZXJhdHVyZQAQAAgAAM6Xq8MAAAARAAgAAMWRHKYAAAABABgADrwxAA67uQAN7wQADca1AAxPPQACZI4AAgBbTWFjaW50b3NoIEhEOlVzZXJzOgBtaWNoYToARGVza3RvcDoAZGF0YToAc3luYzoATGl0ZXJhdHVyZToAUnVzc2VsbF8yMDA2X0FnYWluc3QgI0VCRkQ2LnBkZgAADgCQAEcAUgB1AHMAcwBlAGwAbABfADIAMAAwADYAXwBBAGcAYQBpAG4AcwB0ACAARwByAGEAbQBtAGEAdABpAGMAYQBsACAAQwBvAG0AcAB1AHQAYQB0AGkAbwBuACAAbwBmACAAUwBjAGEAbABhAHIAIABJAG0AcABsAGkAYwBhAHQAdQByAGUAcwAuAHAAZABmAA8AGgAMAE0AYQBjAGkAbgB0AG8AcwBoACAASABEABIAcFVzZXJzL21pY2hhL0Rlc2t0b3AvZGF0YS9zeW5jL0xpdGVyYXR1cmUvUnVzc2VsbF8yMDA2X0FnYWluc3QgR3JhbW1hdGljYWwgQ29tcHV0YXRpb24gb2YgU2NhbGFyIEltcGxpY2F0dXJlcy5wZGYAEwABLwAAFQACAAz//wAAgAbSGxwdHlokY2xhc3NuYW1lWCRjbGFzc2VzXU5TTXV0YWJsZURhdGGjHR8gVk5TRGF0YVhOU09iamVjdNIbHCIjXE5TRGljdGlvbmFyeaIiIF8QD05TS2V5ZWRBcmNoaXZlctEmJ1Ryb290gAEACAARABoAIwAtADIANwBAAEYATQBVAGAAZwBqAGwAbgBxAHMAdQB3AIQAjgD5AP4BBgN4A3oDfwOKA5MDoQOlA6wDtQO6A8cDygPcA98D5AAAAAAAAAIBAAAAAAAAACgAAAAAAAAAAAAAAAAAAAPm}}

@article{simons2001,
	Author = {Simons, Mandy},
	Journal = {Linguistics and Philosophy},
	Pages = {597-619},
	Title = {Disjunctions and alternativeness},
	Volume = {24},
	Year = {2001}}

@article{hurford1974,
	Author = {Hurford, James},
	Journal = {Foundations of Language},
	Pages = {409-411},
	Title = {Exclusive or inclusive disjunction},
	Volume = {11},
	Year = {1974}}

@article{ZimmermannFreeChoiceDisjunction2000,
	Author = {Thomas Ede Zimmermann},
	Date-Added = {2016-07-18 11:05:31 +0000},
	Date-Modified = {2016-07-18 11:05:31 +0000},
	Doi = {10.1023/A:1011255819284},
	Journal = {Natural Language Semantics},
	Pages = {255-290},
	Title = {Free Choice Disjunction and Epistemic Possibility},
	Volume = {8},
	Year = {2000},
	Bdsk-File-1 = {YnBsaXN0MDDUAQIDBAUGJCVYJHZlcnNpb25YJG9iamVjdHNZJGFyY2hpdmVyVCR0b3ASAAGGoKgHCBMUFRYaIVUkbnVsbNMJCgsMDxJXTlMua2V5c1pOUy5vYmplY3RzViRjbGFzc6INDoACgAOiEBGABIAFgAdccmVsYXRpdmVQYXRoWWFsaWFzRGF0YV8QZi4uLy4uLy4uLy4uL2RhdGEvc3luYy9MaXRlcmF0dXJlL1ppbW1lcm1hbm5fMjAwMF9GcmVlIENob2ljZSBEaXNqdW5jdGlvbiBhbmQgRXBpc3RlbWljIFBvc3NpYmlsaXR5LnBkZtIXCxgZV05TLmRhdGFPEQJoAAAAAAJoAAIAAAxNYWNpbnRvc2ggSEQAAAAAAAAAAAAAAAAAAADOl7nTSCsAAAAOvDEfWmltbWVybWFubl8yMDAwX0ZyZWUgI0VDMDhBLnBkZgAAAAAAAAAAAAAAAAAAAAAAAAAAAAAAAAAAAAAAAAAAAA7AisitAbkAAAAAAAAAAAAEAAQAAAkgAAAAAAAAAAAAAAAAAAAACkxpdGVyYXR1cmUAEAAIAADOl6vDAAAAEQAIAADIrOWZAAAAAQAYAA68MQAOu7kADe8EAA3GtQAMTz0AAmSOAAIAW01hY2ludG9zaCBIRDpVc2VyczoAbWljaGE6AERlc2t0b3A6AGRhdGE6AHN5bmM6AExpdGVyYXR1cmU6AFppbW1lcm1hbm5fMjAwMF9GcmVlICNFQzA4QS5wZGYAAA4AjABFAFoAaQBtAG0AZQByAG0AYQBuAG4AXwAyADAAMAAwAF8ARgByAGUAZQAgAEMAaABvAGkAYwBlACAARABpAHMAagB1AG4AYwB0AGkAbwBuACAAYQBuAGQAIABFAHAAaQBzAHQAZQBtAGkAYwAgAFAAbwBzAHMAaQBiAGkAbABpAHQAeQAuAHAAZABmAA8AGgAMAE0AYQBjAGkAbgB0AG8AcwBoACAASABEABIAblVzZXJzL21pY2hhL0Rlc2t0b3AvZGF0YS9zeW5jL0xpdGVyYXR1cmUvWmltbWVybWFubl8yMDAwX0ZyZWUgQ2hvaWNlIERpc2p1bmN0aW9uIGFuZCBFcGlzdGVtaWMgUG9zc2liaWxpdHkucGRmABMAAS8AABUAAgAM//8AAIAG0hscHR5aJGNsYXNzbmFtZVgkY2xhc3Nlc11OU011dGFibGVEYXRhox0fIFZOU0RhdGFYTlNPYmplY3TSGxwiI1xOU0RpY3Rpb25hcnmiIiBfEA9OU0tleWVkQXJjaGl2ZXLRJidUcm9vdIABAAgAEQAaACMALQAyADcAQABGAE0AVQBgAGcAagBsAG4AcQBzAHUAdwCEAI4A9wD8AQQDcANyA3cDggOLA5kDnQOkA60DsgO/A8ID1APXA9wAAAAAAAACAQAAAAAAAAAoAAAAAAAAAAAAAAAAAAAD3g==}}

@article{moxey1993,
	Author = {Moxey, L. M. and Sanford, A. J.},
	Journal = {European Journal of Cognitive Psychology},
	Number = {1},
	Pages = {73-91},
	Title = {Prior expectation and the interpretation of natural language quantifiers},
	Volume = {5},
	Year = {1993}}

@article{pepper1974,
	Author = {Pepper, S. and Prytulak, L. S.},
	Journal = {Journal of Research in Personality},
	Number = {1},
	Pages = {95-101},
	Title = {Sometimes frequently means seldom: context effects in the interpretation of quantitative expressions},
	Volume = {8},
	Year = {1974}}

@article{kamp1995,
	Author = {Hans Kamp and Barbara Partee},
	Journal = {Cognition},
	Number = {2},
	Pages = {129-191},
	Title = {Prototype theory and compositionality},
	Volume = {57},
	Year = {1995}}

@incollection{chierchia2004,
	Address = {Oxford},
	Author = {Gennaro Chierchia},
	Booktitle = {Structures and beyond},
	Editor = {Adriana Belletti},
	Pages = {39-103},
	Publisher = {Oxford University Press},
	Title = {Scalar implicatures, polarity phenomena and the syntax/pragmatics interface},
	Year = {2004}}

@book{levinson2000,
	Address = {Cambridge, MA},
	Author = {Stephen C. Levinson},
	Publisher = {MIT Press},
	Title = {Presumptive meanings: the theory of generalized conversational implicature},
	Year = {2000}}

@article{huang2011,
	Author = {Yi Ting Huang and Jesse Snedeker},
	Journal = {Language and Cognitive Processes},
	Note = {\url{http://dx.doi.org/10.1080/01690965.2010.508641}},
	Number = {8},
	Pages = {1161-1172},
	Title = {\emph{Logic and conversation} revisited: evidence for a division between semantic and pragmatic content in real-time language comprehension},
	Volume = {26},
	Year = {2011}}

@article{barrett1971,
	Author = {Barrett, Robert B. and Stenner, Alfred J.},
	Journal = {Mind},
	Number = {317},
	Pages = {116-121},
	Title = {The myth of exclusive `or'},
	Volume = {80},
	Year = {1971}}

@incollection{storto2005,
	Address = {Nijmegen},
	Author = {Gianluca Storto and Michael K. Tanenhaus},
	Booktitle = {Proceedings of {S}inn und {B}edeutung 9},
	Editor = {Emar Maier and Corien Bary and Janneke Huitink},
	Pages = {431-445},
	Publisher = {Nijmegen Centre for Semantics},
	Title = {Are scalar implicatures computed online?},
	Year = {2005}}

@article{breheny2006,
	Author = {Richard Breheny and Napoleon Katsos and J. Williams},
	Journal = {Cognition},
	Number = {3},
	Pages = {434-463},
	Title = {Are generalized scalar implicatures generated by default? {A}n online investigation into the role of context in generating pragmatic inferences},
	Volume = {100},
	Year = {2006}}

@article{bott2004,
	Author = {Lewis Bott and Ira A. Noveck},
	Journal = {Journal of Memory and Language},
	Note = {\url{http://dx.doi.org/10.1016/j.jml.2004.05.006}},
	Number = {3},
	Pages = {437-457},
	Title = {Some utterances are underinformative: the onset and time course of scalar inferences},
	Volume = {51},
	Year = {2004}}

@article{magri2011,
	Author = {Giorgio Magri},
	Doi = {10.3765/sp.4.6},
	Journal = {Semantics and Pragmatics},
	Keywords = {scalar implicatures, downward entailing environments, individual-level predicates, life-time effect},
	Month = {November},
	Number = {6},
	Pages = {1-51},
	Title = {Another argument for embedded scalar implicatures based on oddness in downward entailing environments},
	Volume = {4},
	Year = {2011},
	Bdsk-Url-1 = {http://dx.doi.org/10.3765/sp.4.6}}

@phdthesis{Russell2012:Probabilistic-R,
	Author = {Benjamin Russell},
	Date-Added = {2016-06-22 03:29:52 +0000},
	Date-Modified = {2016-06-22 03:29:52 +0000},
	School = {Brown University},
	Title = {Probabilistic reasoning and the computation of scalar implicatures},
	Year = {2012},
	Bdsk-File-1 = {YnBsaXN0MDDUAQIDBAUGJCVYJHZlcnNpb25YJG9iamVjdHNZJGFyY2hpdmVyVCR0b3ASAAGGoKgHCBMUFRYaIVUkbnVsbNMJCgsMDxJXTlMua2V5c1pOUy5vYmplY3RzViRjbGFzc6INDoACgAOiEBGABIAFgAdccmVsYXRpdmVQYXRoWWFsaWFzRGF0YV8QdC4uLy4uLy4uLy4uL2RhdGEvc3luYy9MaXRlcmF0dXJlL1J1c3NlbGxfMjAxMl9Qcm9iYWJpbGlzdGljIFJlYXNvbmluZyBhbmQgdGhlIENvbXB1dGF0aW9uIG9mIFNjYWxhciBJbXBsaWNhdHVyZXMucGRm0hcLGBlXTlMuZGF0YU8RApIAAAAAApIAAgAADE1hY2ludG9zaCBIRAAAAAAAAAAAAAAAAAAAAM6XudNIKwAAAA68MR9SdXNzZWxsXzIwMTJfUHJvYmFiaWwjRUJGRDgucGRmAAAAAAAAAAAAAAAAAAAAAAAAAAAAAAAAAAAAAAAAAAAADr/Yy08UMwAAAAAAAAAAAAQABAAACSAAAAAAAAAAAAAAAAAAAAAKTGl0ZXJhdHVyZQAQAAgAAM6Xq8MAAAARAAgAAMtPBiMAAAABABgADrwxAA67uQAN7wQADca1AAxPPQACZI4AAgBbTWFjaW50b3NoIEhEOlVzZXJzOgBtaWNoYToARGVza3RvcDoAZGF0YToAc3luYzoATGl0ZXJhdHVyZToAUnVzc2VsbF8yMDEyX1Byb2JhYmlsI0VCRkQ4LnBkZgAADgCoAFMAUgB1AHMAcwBlAGwAbABfADIAMAAxADIAXwBQAHIAbwBiAGEAYgBpAGwAaQBzAHQAaQBjACAAUgBlAGEAcwBvAG4AaQBuAGcAIABhAG4AZAAgAHQAaABlACAAQwBvAG0AcAB1AHQAYQB0AGkAbwBuACAAbwBmACAAUwBjAGEAbABhAHIAIABJAG0AcABsAGkAYwBhAHQAdQByAGUAcwAuAHAAZABmAA8AGgAMAE0AYQBjAGkAbgB0AG8AcwBoACAASABEABIAfFVzZXJzL21pY2hhL0Rlc2t0b3AvZGF0YS9zeW5jL0xpdGVyYXR1cmUvUnVzc2VsbF8yMDEyX1Byb2JhYmlsaXN0aWMgUmVhc29uaW5nIGFuZCB0aGUgQ29tcHV0YXRpb24gb2YgU2NhbGFyIEltcGxpY2F0dXJlcy5wZGYAEwABLwAAFQACAAz//wAAgAbSGxwdHlokY2xhc3NuYW1lWCRjbGFzc2VzXU5TTXV0YWJsZURhdGGjHR8gVk5TRGF0YVhOU09iamVjdNIbHCIjXE5TRGljdGlvbmFyeaIiIF8QD05TS2V5ZWRBcmNoaXZlctEmJ1Ryb290gAEACAARABoAIwAtADIANwBAAEYATQBVAGAAZwBqAGwAbgBxAHMAdQB3AIQAjgEFAQoBEgOoA6oDrwO6A8MD0QPVA9wD5QPqA/cD+gQMBA8EFAAAAAAAAAIBAAAAAAAAACgAAAAAAAAAAAAAAAAAAAQW}}

@article{FrankeJager2015:Probabilistic-p,
	Author = {Michael Franke and Gerhard J{\"{a}}ger},
	Date-Added = {2016-06-22 03:27:55 +0000},
	Date-Modified = {2016-06-22 03:27:55 +0000},
	Doi = {10.1515/zfs-2016-0002},
	Journal = {Zeitschrift f\"{u}r Sprachwissenschaft},
	Number = {1},
	Pages = {3--44},
	Title = {Probabilistic pragmatics, or why {B}ayes' rule is probably important for pragmatics},
	Volume = {35},
	Year = {2016},
	Bdsk-File-1 = {YnBsaXN0MDDUAQIDBAUGJCVYJHZlcnNpb25YJG9iamVjdHNZJGFyY2hpdmVyVCR0b3ASAAGGoKgHCBMUFRYaIVUkbnVsbNMJCgsMDxJXTlMua2V5c1pOUy5vYmplY3RzViRjbGFzc6INDoACgAOiEBGABIAFgAdccmVsYXRpdmVQYXRoWWFsaWFzRGF0YV8Qhy4uLy4uLy4uLy4uL2RhdGEvc3luYy9MaXRlcmF0dXJlL0ZyYW5rZUphZ2VyXzIwMTVfUHJvYmFiaWxpc3RpYyBwcmFnbWF0aWNzLCBvciB3aHkgQmF5ZXMnIHJ1bGUgaXMgcHJvYmFibHkgaW1wb3J0YW50IGZvciBwcmFnbWF0aWNzLnBkZtIXCxgZV05TLmRhdGFPEQLMAAAAAALMAAIAAAxNYWNpbnRvc2ggSEQAAAAAAAAAAAAAAAAAAADOl7nTSCsAAAAOvDEfRnJhbmtlSmFnZXJfMjAxNV9Qcm8jQTdGMEYzLnBkZgAAAAAAAAAAAAAAAAAAAAAAAAAAAAAAAAAAAAAAAAAAAKfw89F9U9AAAAAAAAAAAAAEAAQAAAkgAAAAAAAAAAAAAAAAAAAACkxpdGVyYXR1cmUAEAAIAADOl6vDAAAAEQAIAADRfTewAAAAAQAYAA68MQAOu7kADe8EAA3GtQAMTz0AAmSOAAIAW01hY2ludG9zaCBIRDpVc2VyczoAbWljaGE6AERlc2t0b3A6AGRhdGE6AHN5bmM6AExpdGVyYXR1cmU6AEZyYW5rZUphZ2VyXzIwMTVfUHJvI0E3RjBGMy5wZGYAAA4AzgBmAEYAcgBhAG4AawBlAEoAYQBnAGUAcgBfADIAMAAxADUAXwBQAHIAbwBiAGEAYgBpAGwAaQBzAHQAaQBjACAAcAByAGEAZwBtAGEAdABpAGMAcwAsACAAbwByACAAdwBoAHkAIABCAGEAeQBlAHMAJwAgAHIAdQBsAGUAIABpAHMAIABwAHIAbwBiAGEAYgBsAHkAIABpAG0AcABvAHIAdABhAG4AdAAgAGYAbwByACAAcAByAGEAZwBtAGEAdABpAGMAcwAuAHAAZABmAA8AGgAMAE0AYQBjAGkAbgB0AG8AcwBoACAASABEABIAj1VzZXJzL21pY2hhL0Rlc2t0b3AvZGF0YS9zeW5jL0xpdGVyYXR1cmUvRnJhbmtlSmFnZXJfMjAxNV9Qcm9iYWJpbGlzdGljIHByYWdtYXRpY3MsIG9yIHdoeSBCYXllcycgcnVsZSBpcyBwcm9iYWJseSBpbXBvcnRhbnQgZm9yIHByYWdtYXRpY3MucGRmAAATAAEvAAAVAAIADP//AACABtIbHB0eWiRjbGFzc25hbWVYJGNsYXNzZXNdTlNNdXRhYmxlRGF0YaMdHyBWTlNEYXRhWE5TT2JqZWN00hscIiNcTlNEaWN0aW9uYXJ5oiIgXxAPTlNLZXllZEFyY2hpdmVy0SYnVHJvb3SAAQAIABEAGgAjAC0AMgA3AEAARgBNAFUAYABnAGoAbABuAHEAcwB1AHcAhACOARgBHQElA/UD9wP8BAcEEAQeBCIEKQQyBDcERARHBFkEXARhAAAAAAAAAgEAAAAAAAAAKAAAAAAAAAAAAAAAAAAABGM=}}

@article{Fox7:Cancelling-the-,
	Author = {Danny Fox},
	Date-Added = {2016-06-22 03:21:24 +0000},
	Date-Modified = {2016-06-22 03:21:24 +0000},
	Doi = {10.3765/sp.7.5},
	Journal = {Semantics \& Pragmatics},
	Number = {5},
	Pages = {1--20},
	Title = {Cancelling the {M}axim of {Q}uantity: {A}nother callenge for a {G}ricean theory of {S}calar {I}mplicature},
	Volume = {7},
	Year = {2014},
	Bdsk-File-1 = {YnBsaXN0MDDUAQIDBAUGJCVYJHZlcnNpb25YJG9iamVjdHNZJGFyY2hpdmVyVCR0b3ASAAGGoKgHCBMUFRYaIVUkbnVsbNMJCgsMDxJXTlMua2V5c1pOUy5vYmplY3RzViRjbGFzc6INDoACgAOiEBGABIAFgAdccmVsYXRpdmVQYXRoWWFsaWFzRGF0YV8QdC4uLy4uLy4uLy4uL2RhdGEvc3luYy9MaXRlcmF0dXJlL0ZveF8yMDE0X0NhbmNlbGxpbmcgdGhlIE1heGltIG9mIFF1YW50aXR5IEFub3RoZXIgY2FsbGVuZ2UgZm9yIGEgR3JpY2VhbiB0aGVvcnkucGRm0hcLGBlXTlMuZGF0YU8RApIAAAAAApIAAgAADE1hY2ludG9zaCBIRAAAAAAAAAAAAAAAAAAAAM6XudNIKwAAAA68MR9Gb3hfMjAxNF9DYW5jZWxsaW5nIzEwQzE4NTUucGRmAAAAAAAAAAAAAAAAAAAAAAAAAAAAAAAAAAAAAAAAAAABDBhV0wge5wAAAAAAAAAAAAQABAAACSAAAAAAAAAAAAAAAAAAAAAKTGl0ZXJhdHVyZQAQAAgAAM6Xq8MAAAARAAgAANMIENcAAAABABgADrwxAA67uQAN7wQADca1AAxPPQACZI4AAgBbTWFjaW50b3NoIEhEOlVzZXJzOgBtaWNoYToARGVza3RvcDoAZGF0YToAc3luYzoATGl0ZXJhdHVyZToARm94XzIwMTRfQ2FuY2VsbGluZyMxMEMxODU1LnBkZgAADgCoAFMARgBvAHgAXwAyADAAMQA0AF8AQwBhAG4AYwBlAGwAbABpAG4AZwAgAHQAaABlACAATQBhAHgAaQBtACAAbwBmACAAUQB1AGEAbgB0AGkAdAB5ACAAQQBuAG8AdABoAGUAcgAgAGMAYQBsAGwAZQBuAGcAZQAgAGYAbwByACAAYQAgAEcAcgBpAGMAZQBhAG4AIAB0AGgAZQBvAHIAeQAuAHAAZABmAA8AGgAMAE0AYQBjAGkAbgB0AG8AcwBoACAASABEABIAfFVzZXJzL21pY2hhL0Rlc2t0b3AvZGF0YS9zeW5jL0xpdGVyYXR1cmUvRm94XzIwMTRfQ2FuY2VsbGluZyB0aGUgTWF4aW0gb2YgUXVhbnRpdHkgQW5vdGhlciBjYWxsZW5nZSBmb3IgYSBHcmljZWFuIHRoZW9yeS5wZGYAEwABLwAAFQACAAz//wAAgAbSGxwdHlokY2xhc3NuYW1lWCRjbGFzc2VzXU5TTXV0YWJsZURhdGGjHR8gVk5TRGF0YVhOU09iamVjdNIbHCIjXE5TRGljdGlvbmFyeaIiIF8QD05TS2V5ZWRBcmNoaXZlctEmJ1Ryb290gAEACAARABoAIwAtADIANwBAAEYATQBVAGAAZwBqAGwAbgBxAHMAdQB3AIQAjgEFAQoBEgOoA6oDrwO6A8MD0QPVA9wD5QPqA/cD+gQMBA8EFAAAAAAAAAIBAAAAAAAAACgAAAAAAAAAAAAAAAAAAAQW}}

@article{buhrmester2011,
	Author = {Buhrmester, Michael and Kwang, Tracy and Gosling, Samuel D.},
	Journal = {Perspectives on Psychological Science},
	Number = {1},
	Pages = {3-5},
	Title = {Amazon's {M}echanical {T}urk: a new source of inexpensive, yet high-quality, data?},
	Volume = {6},
	Year = {2011}}

@article{wilson2002,
	Author = {Wilson, Deirdre and Sperber, Dan},
	Journal = {UCL Working Papers in Linguistics},
	Pages = {249-290},
	Title = {Relevance theory},
	Volume = {14},
	Year = {2002}}

@article{cummins2015,
	Author = {Christopher Cummins and Hannah Rohde},
	Doi = {10.3389/fpsyg.2015.01779},
	Issn = {1664-1078},
	Journal = {Frontiers in Psychology},
	Month = {11},
	Title = {Evoking context with contrastive stress: effects on pragmatic enrichment},
	Volume = {6},
	Year = {2015},
	Bdsk-Url-1 = {http://dx.doi.org/10.3389/fpsyg.2015.01779}}

@article{tiel2013,
	Author = {van Tiel, Bob},
	Doi = {10.1093/jos/fft002},
	Journal = {Journal of Semantics},
	Number = {2},
	Pages = {147-177},
	Title = {Embedded scalars and typicality},
	Volume = {31},
	Year = {2014},
	Bdsk-Url-1 = {http://dx.doi.org/10.1093/jos/fft002}}

@article{bonnefon2009,
	Author = {Bonnefon, Jean-Fran\c{c}ois and Feeney, Aidan and Villejoubert, Ga\"{e}lle},
	Journal = {Cognition},
	Number = {2},
	Pages = {249--258},
	Title = {When some is actually all: scalar inferences in face-threatening contexts},
	Volume = {112},
	Year = {2009}}

@article{goodman2013,
	Author = {Goodman, Noah D. and Stuhlm\"{u}ller, A.},
	Journal = {Topics in Cognitive Science},
	Number = {1},
	Pages = {173-184},
	Title = {Knowledge and implicature: modeling language understanding as social cognition},
	Volume = {5},
	Year = {2013}}

@article{kuppevelt1996,
	Author = {van Kuppevelt, Jan},
	Journal = {Linguistics and Philosophy},
	Number = {4},
	Pages = {393-443},
	Title = {Inferring from topics: scalar implicatures as topic-dependent inferences},
	Volume = {19},
	Year = {1996}}

@article{roberts2012,
	Author = {Craige Roberts},
	Journal = {Semantics and Pragmatics},
	Number = {6},
	Pages = {1-69},
	Title = {Information structure in discourse: towards an integrated formal theory of pragmatics},
	Volume = {5},
	Year = {2012}}

@incollection{degen2015,
	Address = {Austin, TX},
	Author = {Degen, Judith and Tessler, Michael Henry and Goodman, Noah D.},
	Booktitle = {Proceedings of the 37th annual conference of the {C}ognitive {S}cience {S}ociety},
	Editor = {Noelle, D. C. and Dale, R. and Warlaumont, A. S. and Yoshimi, J. and Matlock, T. and Jennings, C. D. and Maglio, P. P.},
	Pages = {548-553},
	Publisher = {Cognitive Science Society},
	Title = {Wonky worlds: listeners revise world knowledge when utterances are odd},
	Year = {2015}}

@article{frank2012,
	Author = {Frank, Michael C. and Goodman, Noah D.},
	Journal = {Science},
	Pages = {998},
	Title = {Predicting pragmatic reasoning in language games},
	Volume = {336},
	Year = {2012}}

@incollection{fox2007,
	Address = {Houndmills},
	Author = {Danny Fox},
	Booktitle = {Presupposition and implicature in compositional semantics},
	Editor = {Uli Sauerland and Penka Stateva},
	Pages = {71-120},
	Publisher = {Palgrave Macmillan},
	Title = {Free choice and the theory of scalar implicatures},
	Year = {2007}}

@phdthesis{franke2009,
	Author = {Michael Franke},
	School = {University of Amsterdam},
	Title = {Signal to act: game theory in pragmatics},
	Year = {2009}}

@article{tiel2016,
	Author = {van Tiel, Bob and van Miltenburg, Emiel and Zevakhina, Natalia and Geurts, Bart},
	Journal = {Journal of Semantics},
	Number = {1},
	Pages = {137-175},
	Title = {Scalar diversity},
	Volume = {33},
	Year = {2016}}

@incollection{chierchia2012,
	Address = {Berlin},
	Author = {Gennaro Chierchia and Danny Fox and Benjamin Spector},
	Booktitle = {An international handbook of natural language meaning},
	Editor = {Paul Portner and Claudia Maienborn and Klaus von Heusinger},
	Pages = {2297-2332},
	Publisher = {Mouton de Gruyter},
	Title = {The grammatical view of scalar implicatures and the relationship between semantics and pragmatics},
	Year = {2012}}

@article{crain2008,
	Author = {Crain, Stephen},
	Journal = {Language and Speech},
	Number = {1-2},
	Pages = {151-169},
	Title = {The interpretation of disjunction in universal grammar},
	Volume = {51},
	Year = {2008}}

@article{sprouse2011,
	Author = {Sprouse, Jon},
	Journal = {Behavior Research Methods},
	Number = {1},
	Pages = {155-167},
	Title = {A validation of {A}mazon {M}echanical {T}urk for the collection of acceptability judgments in linguistic theory},
	Volume = {43},
	Year = {2011}}

@article{schnoebelen2010,
	Author = {Schnoebelen, Tyler and Kuperman, Victor},
	Journal = {Psihologija},
	Number = {4},
	Pages = {441-464},
	Title = {Using {A}mazon {M}echanical {T}urk for linguistic research},
	Volume = {43},
	Year = {2010}}

@incollection{grice1975,
	Author = {Grice, H. P.},
	Booktitle = {Syntax and semantics, volume 3: {S}peech acts},
	Editor = {Cole, Peter and Morgan, Jerry L.},
	Pages = {41-58},
	Publisher = {New York: Academic Press},
	Title = {Logic and conversation},
	Year = {1975}}

@article{chevallier2008,
	Author = {Chevallier, Coralie and Noveck, Ira A. and Nazir, Tatjana and Bott, Lewis and Lanzetti, Valentina and Sperber, Dan},
	Journal = {The Quarterly Journal of Experimental Psychology},
	Number = {11},
	Pages = {1741-1760},
	Title = {Making disjunctions exclusive},
	Volume = {61},
	Year = {2008}}

@article{RouderMorey2012:Default-Bayes-F,
	Author = {Jeffrey N. Rouder and Richard D. Morey},
	Journal = {Multivariate Behavioral Research},
	Pages = {877--903},
	Title = {Default {B}ayes Factors for Model Selection in Regression},
	Volume = {47},
	Year = {2012}}

@incollection{MerinInfoRelSocialDecisionmaking1999,
	Author = {Arthur Merin},
	Booktitle = {Logic, Language and Computation},
	Editor = {Lawrence C. Moss and Jonathan Ginzburg and Maarten de Rijke},
	Pages = {179-221},
	Publisher = {CSLI Publications},
	Title = {Information, Relevance, and Social Decisionmaking: {S}ome Principles and Results of Decision-Theoretic Semantics},
	Volume = {2},
	Year = {1999}}

@book{Ducrot1973,
	Author = {Oswald Ducrot},
	Publisher = {Maison Mame},
	Title = {La preuve et le dire},
	Year = {1973}}

@book{mccawley1981,
	Author = {McCawley, James D.},
	Publisher = {University of Chicago Press},
	Title = {Everything that linguists have always wanted to know about logic but were ashamed to ask},
	Year = {1981}}

@book{copi2005,
	Author = {Copi, Irving M. and Cohen, Carl},
	Publisher = {Prentice Hall},
	Title = {Introduction to logic \normalfont{(12th edition)}},
	Year = {2005}}

@book{sperber1995,
	Author = {Sperber, Dan and Wilson, Deirdre},
	Publisher = {Blackwell},
	Title = {Relevance: communication and cognition \normalfont{(2nd edition)}},
	Year = {1995}}

@book{yanal1988,
	Author = {Yanal, Robert J.},
	Publisher = {Thomson},
	Title = {Basic logic},
	Year = {1988}}

@book{rubin1989,
	Author = {Rubin, Ronald and Young, Charles M.},
	Publisher = {Mayfield},
	Title = {Formal logic: a model of {E}nglish},
	Year = {1989}}

@book{tarski1946,
	Author = {Tarski, Alfred},
	Publisher = {Oxford University Press},
	Title = {Introduction to logic and to the methodology of deductive sciences \normalfont{(revised edition)}},
	Year = {1946}}

@book{basson1960,
	Author = {Basson, A. H. and O'Connor, D. J.},
	Publisher = {Free Press of Glencoe},
	Title = {Introduction to symbolic logic},
	Year = {1960}}

@book{rescher1964,
	Author = {Rescher, Nicholas},
	Publisher = {St. Martin's Press},
	Title = {Introduction to logic},
	Year = {1964}}

@book{baum1996,
	Author = {Baum, Robert},
	Publisher = {Harcourt Brace},
	Title = {Logic \normalfont{(4th edition)}},
	Year = {1996}}

@book{AnscombreDucrot1983:Largumentation-,
	Address = {Brussels},
	Author = {Jean-Claude Anscombre and Oswald Ducrot},
	Publisher = {Mardaga},
	Title = {L'argumentation dans la langue},
	Year = {1983}}

@article{Rooijvan-Rooij2004:Cooperative-ver,
	Author = {{\SortNoop{Rooij}}van Rooij, Robert},
	Journal = {Philosophia Scientiae},
	Number = {2},
	Pages = {195--209},
	Title = {Cooperative versus Argumentative Communication},
	Volume = {8},
	Year = {2004}}

@book{gazdar1979,
	Address = {New York},
	Author = {Gerald Gazdar},
	Publisher = {Academic Press},
	Title = {Pragmatics: implicature, presupposition, and logical form},
	Year = {1979}}

@phdthesis{horn1972,
	Author = {Laurence R. Horn},
	Note = {Distributed by Indiana University Linguistics Club},
	School = {University of California, Los Angeles},
	Title = {On the semantic properties of logical operators in English},
	Year = {1972}}

@book{geurts2010,
	Address = {Cambridge},
	Author = {Bart Geurts},
	Publisher = {Cambridge University Press},
	Title = {Quantity implicatures},
	Year = {2010}}

@article{sauerland2004,
	Author = {Uli Sauerland},
	Journal = {Linguistics and Philosophy},
	Number = {3},
	Pages = {367-391},
	Title = {Scalar implicatures in complex sentences},
	Volume = {27},
	Year = {2004}}

@misc{geurts2006,
	Author = {Geurts, Bart},
	Title = {Exclusive disjunction without implicature},
	Year = {2006}}

@phdthesis{zondervan2010,
	Author = {Arjen Zondervan},
	School = {Utrecht University},
	Title = {Scalar implicatures or focus: an experimental approach},
	Year = {2010}}
